2692 4816
1130 279 1213 347 102‘.)

170 461 277 516 Ρ-790.
298 456 383 513 mli.
403 453 616 519 proiectum
636 454 652 502 l.
672 451 851 506 relectum.

169 532 201 581 l‘.
218 532 278 583 799.
298 546 321 581 v.
343 524 381 576 18.
404 517 581 587 Τεκνὸλετειρα
599 527 732 573 sumntum
749 523 775 573 in
793 520 998 589 aritepenullims
1014 513 1132 585 requirit·

170 599 201 649 1).
220 598 278 649 804.
297 613 321 647 v.
341 592 365 644 l.
385 611 408 660 p.
428 590 703 656 interpretetus
730 592 748 643 Ι.
769 588 1042 659 interpreteris.

174 668 203 715 l’.
224 666 283 718 805.
304 680 328 715 v·
349 659 388 711 15.
409 674 434 724 p.
457 657 491 713 εὶς
509 660 525 708 1.
544 655 587 706 εἰν.

172 734 202 785 l’.
219 734 279 783 813.
296 748 320 782 r.
338 730 363 782 u.
384 747 408 795 p.
428 731 493 777 tarn
512 727 530 776 1.
551 731 675 776 tauron.

172 802 203 853 Ρ.
221 801 280 852 828.
298 816 322 849 v·
334 798 375 849 31.
395 814 419 863 p·
437 792 628 861 partiendo
648 793 665 843 l·
685 792 878 862 partiendi.

172 871 201 920 1‘.
223 869 283 918 832.
304 880 328 916 v.
349 868 373 919 9.
398 881 422 930 p.
441 861 516 926 uiroc
532 863 548 911 1.
569 860 653 926 φίλος.

173 938 203 988 P·
220 936 278 986 830·
297 950 322 985 v·
344 934 386 985 ²⁹·
406 949 431 998 {io
450 937 486 981 et
506 932 522 980 Ι·
540 944 564 979 e·

175 1005 204 1053 Ρ.
223 1004 283 1053 sus.
301 1018 325 1051 v.
343 1004 383 1052 33.
403 1000 430 1051 in
451 990 542 1051 Tium
561 1001 684 1048 occentus
699 994 806 1048 excidit.

173 1071 203 1125 P.
222 1072 280 1123 939.
299 1084 322 1121 v·
346 1069 388 1121 37.
416 1084 442 1136 p·
462 1063 645 1130 'l'yreritti
668 1066 686 1115 l·
701 1062 904 1129 Tyrnhitti.

569 1232 733 1247 ,ἡ

176 1356 316 1407 Praeterea
342 1349 445 1417 pauculi
470 1355 592 1403 acoentus
618 1349 846 1432 distinguendique
864 1356 943 1405 notae
969 1349 1037 1403 ioris
1054 1346 1216 1415 exciderunt,

107 1441 165 1475 oum
179 1424 297 1487 singulae
315 1422 452 1487 plagulae,
479 1435 530 1486 quo
553 1419 743 1471 emendatiores
769 1426 884 1485 exirent,
908 1419 1000 1487 Lipsia
1017 1417 1050 1468 ad
1068 1433 1111 1469 me
1132 1418 1216 1469 corri-

108 1492 213 1556 gendae
239 1490 411 1539 mitterentur·
453 1486 538 1537 Unurn
565 1486 650 1545 addo,
673 1496 807 1556 postquam
839 1488 951 1556 primum
983 1488 1103 1539 volumen
1131 1491 1217 1537 totum

108 1560 176 1623 typis
200 1556 357 1621 descriptum
382 1553 474 1617 suerit,
504 1569 546 1607 me
571 1554 599 1606 in
627 1554 826 1621 disputationem
853 1555 976 1608 incidisse
1000 1556 1034 1605 de
1057 1546 1118 1617 ἡμῖν
1144 1546 1216 1619 ἧμιν,

107 1621 170 1692 ὑμῖν
192 1619 251 1690 ὗμιν
267 1632 337 1674 reete
354 1622 490 1674 mellendis
508 1629 534 1674 ot
549 1630 658 1674 aoeentu
679 1625 813 1688 notandis,
838 1623 961 1691 scriptam
984 1638 1000 1674 a
1027 1621 1083 1673 viro
1101 1620 1218 1685 eleganti

108 1695 227 1745 doctrina
244 1693 275 1742 lt.
295 1691 444 1742 stneczla
461 1689 587 1755 gymnasii
607 1690 809 1744 Gumbinnensis
828 1699 1007 1759 praeceptore.
1035 1690 1102 1741 Cum
1120 1688 1170 1740 hoe
1188 1689 1217 1740 in

110 1760 228 1829 plurimis
245 1757 407 1819 eonsentire,
433 1756 459 1807 in
478 1756 566 1823 paucis
589 1756 740 1821 quibusdam
758 1760 885 1825 exenrplis
903 1757 1049 1811 iudicandis
1069 1756 1218 1823 discrepare

111 1846 153 1880 me
175 1828 268 1888 sidem
297 1838 378 1889 quare
401 1839 453 1873 non
477 1822 593 1873 dubitari
616 1823 650 1873 de
674 1822 817 1877 honorifica
843 1826 900 1877 eius
923 1825 1056 1878 mentione
1074 1823 1118 1876 hio
1135 1831 1219 1891 eerte,

110 1896 233 1965 quoniam
253 1898 314 1944 onte
331 1905 386 1941 nou
401 1890 474 1958 potui
484 1927 493 1956 ‚
511 1889 639 1942 iacienda.
