2692 4816
183 284 245 355 100
707 277 756 349 Ξ·
843 316 867 341 ·

182 447 452 509 oetcottsteb.
470 449 581 506 1011-
620 449 647 504 6
670 435 1291 513 Τιιᾶωᾱίηαιπφῖωμὲεπί·

182 555 260 618 fleat,
288 553 405 618 &nomm
421 551 464 602 tel
480 552 523 617 qm
540 556 641 616 portes
656 551 790 616 sudmdue
806 566 859 602 eos
876 551 950 615 repit.
987 547 1063 598 Viam
1081 541 1159 597 buin
1178 538 1291 594 mmin-

183 653 260 708 tionis
278 649 361 702 munit
379 648 528 702 ΕΙ.1130.;
557 649 585 699 ἐν
602 651 697 706 ξέναισι
713 649 787 718 χερσὶ
803 647 941 715 κηδευθεὶς
957 642 1056 703 utitor:
1085 642 1232 713 quodcum
1258 638 1291 689 de

183 754 276 806 Oreste
294 750 400 802 Electra
417 749 500 815 boat,
520 753 706 817 paropsissorum
721 751 826 819 quidem
845 766 938 802 uranus
955 747 1033 813 dicit,
1052 744 1099 800 sed
1116 739 1241 808 intelligit
1258 739 1291 792 de

183 851 288 905 bomine
312 850 412 917 quippe
437 848 596 902 alienissimo
621 849 727 901 mininie
754 850 888 903 sollicitos.
931 849 1055 902 Ceterum
1079 843 1196 914 plerique
1223 839 1290 903 libri,

185 953 264 1008 etiarn
288 952 366 1001 Laut.
380 949 412 1000 A.
435 948 525 1014 ξένῃσι.
556 973 591 987 -·-
605 942 670 1014 oi'yoi
688 951 756 1007 sinor
774 953 821 1018 prbr
835 948 884 999 τοῦ
900 945 981 1010 λόγου
999 939 1078 997 τοῦδ’
1098 942 1191 1012 liqui,
1223 942 1291 998 ξένος

185 1052 212 1103 di
229 1049 279 1101 τοῦ
295 1048 461 1116 πραχθέντος
479 1048 546 1102 Oed.
564 1049 597 1101 lt.
614 1051 673 1103 219.
695 1052 886 1104 v.1acobs.ad
908 1048 986 1101 Antb.
1006 1048 1064 1100 Pal.
1085 1052 1104 1097 t
1120 1044 1164 1095 111.
1187 1059 1213 1108 p.
1231 1039 1273 1092 tr.

252 1152 395 1204 tacentum
418 1147 537 1201 vocabuli
563 1149 697 1203 adnotavit
713 1152 840 1204 Arcadias
858 1169 883 1219 p.
900 1151 943 1215 63,
965 1147 1006 1203 15.
1039 1147 1081 1199 De
1101 1143 1191 1197 lonica
1209 1140 1292 1192 torma

187 1254 270 1310 ξεῖνος
290 1256 366 1305 vetus
382 1255 423 1302 est
437 1248 559 1301 Dorvittii
574 1251 705 1304 sententia
722 1253 756 1304 ad
773 1252 852 1305 Char.
870 1268 894 1318 p.
907 1251 982 1314 280,
1004 1244 1110 1313 tragicis
1125 1241 1195 1295 hanc
1212 1239 1291 1290 inter·

186 1355 247 1406 dum
265 1348 460 1419 praeferendam
478 1346 560 1400 visam
578 1350 681 1403 etiarnsi
698 1368 862 1404 numerorum
880 1354 923 1404 lex
951 1366 1003 1403 non
1026 1350 1147 1415 cogeret3
1181 1340 1228 1393 sed
1253 1339 1291 1390 rel

186 1453 215 1506 in
238 1468 284 1518 en,
316 1464 383 1517 quae
408 1455 462 1501 tum
485 1454 557 1514 erat,
591 1451 629 1502 rei
654 1452 779 1505 metricae
802 1452 964 1518 ignoratione
985 1450 1078 1503 mirum
1099 1439 1184 1496 uideri
1207 1436 1288 1497 debet,

187 1553 297 1621 paucula
312 1549 386 1618 ipsa,
404 1565 472 1618 quae
488 1549 591 1617 posuit,
609 1552 730 1619 exempla
746 1552 812 1605 Oed.
832 1553 882 1605 Col
897 1555 939 1606 81.
957 1551 1022 1618 (33.)
1040 1548 1082 1602 00.
1102 1543 1187 1610 (49),
1206 1553 1289 1590 vetata

188 1658 217 1703 ut
235 1652 336 1702 constet
349 1647 491 1714 iambicus,
509 1648 673 1716 productiore
689 1649 772 1703 forma
788 1653 877 1720 utique
896 1669 983 1719 egere.
1016 1652 1046 1703 ln
1063 1645 1213 1700 universum
1226 1645 1293 1692 recte

188 1748 326 1815 lilmsleius
342 1747 375 1798 ad
402 1748 468 1801 Oed.
487 1748 544 1801 Col.
563 1750 621 1803 921.
657 1749 737 1805 ξεῖνος
755 1751 788 1803 ab
815 1769 864 1804 asu
890 1750 1041 1817 tragoediae
1067 1745 1213 1805 abiudicat,
1241 1738 1291 1791 nisi

94 1901 97 1907 ,
189 1855 272 1903 metro
288 1854 398 1914 cogente
415 1845 589 1914 desideretur,
610 1855 637 1900 et
656 1848 782 1902 abstinuit
798 1850 961 1916 Aeschylus,
986 1849 1026 1900 bis
1043 1852 1116 1899 terve
1136 1858 1198 1897 usus
1215 1839 1294 1893 liuni-

189 1949 280 2018 pides;
309 1960 456 2015 quanquam
478 1947 543 2000 bene
567 1947 715 2000 observarit
737 1950 770 2000 ad
787 1950 850 2004 liar.
867 1950 923 2021 lpb.
945 1951 1026 2003 Taua.
1043 1946 1102 2001 786.
1123 1944 1295 2003 Hermannus,

190 2065 246 2102 esse
267 2047 345 2100 etiam
362 2052 438 2098 extra
455 2045 527 2098 illam
546 2047 623 2098 metri
639 2048 835 2118 necessitatem,
864 2052 907 2105 ubi
926 2065 1049 2104 numerus
1068 2042 1195 2099 orationis
1215 2040 1293 2096 ξεῖνος

189 2146 306 2216 requirat
312 2184 322 2212 ,
349 2147 418 2199 velut
433 2144 507 2199 initio
526 2161 629 2213 versus,
655 2164 714 2199 cam
732 2149 897 2204 distinetione
918 2153 1071 2218 insequente
1090 2143 1195 2197 breuior
1213 2142 1295 2193 tonna

190 2248 305 2317 pondere
326 2261 416 2300 carens
445 2241 521 2312 quasi
545 2259 700 2300 evanescere
724 2249 856 2303 rideatur:
887 2253 959 2304 velut
987 2249 1013 2300 in
1030 2246 1182 2315 iphigeniae
1209 2258 1294 2304 versu,

190 2349 236 2418 qui
252 2349 293 2405 sio
308 2347 399 2407 habel:
420 2337 487 2404 ξεῖν’,
508 2336 540 2392 οὗ
559 2342 664 2403 δικαίως
684 2347 730 2413 τῆς
747 2349 813 2398 θεοῦ
831 2344 877 2414 τὴν
892 2340 1038 2415 πρὸςπολον
1054 2346 1178 2413 χραίνεις·
1213 2344 1296 2395 Paulo

191 2448 352 2503 fastidiosius
371 2451 413 2497 est
431 2444 574 2496 Hermanni
594 2445 717 2499 iudicium
737 2449 769 2500 ad
789 2449 855 2500 Oed.
873 2448 930 2500 Col.
945 2449 1020 2514 020,
1038 2446 1082 2515 qui
1103 2461 1149 2497 cur
1166 2443 1255 2496 diarius
1271 2450 1296 2493 et

191 2548 266 2600 nimis
283 2547 446 2599 invenustum
464 2543 536 2595 dicat
548 2541 652 2612 χρῄζω,
672 2540 731 2601 ξεῖν’
754 2539 839 2612 ὀρθὸν
854 2543 963 2615 ἁκουσμ’
980 2543 1106 2607 ἀκοῦσαι,
1124 2560 1185 2597 caru
1204 2545 1231 2596 in
1250 2561 1297 2595 aur

191 2645 344 2713 tistroplrico
364 2659 441 2696 versu
461 2645 562 2709 legatur
583 2647 674 2698 eadem
698 2649 855 2712 syliabarum
881 2665 1001 2701 mensura
1026 2633 1045 2696 d
1068 2638 1134 2709 ξεῖν’,
1167 2638 1248 2693 αὗται
1270 2641 1296 2691 dl

192 2737 236 2791 δύ’
262 2745 287 2800 lt
313 2739 379 2808 (μοῡ
404 2742 468 2807 μέν,
497 2758 549 2794 aon
566 2746 704 2813 perspicio.
746 2747 798 2799 Sed
816 2747 901 2801 simile
916 2749 986 2800 illius
1003 2764 1036 2800 ex
1056 2747 1192 2814 lpluigenia
1207 2760 1298 2796 exem·

192 2845 281 2910 plum,
308 2857 359 2910 quo
382 2842 498 2910 pondere
518 2845 663 2899 sententiae
682 2846 765 2900 forme
782 2847 932 2916 productior
949 2847 1128 2911 confirmetur,
1158 2846 1228 2903 anud
1248 2845 1297 2896 So·

192 2941 310 3010 pboclem
334 2958 387 2994 non
412 2941 532 3010 reperio,
561 2952 682 3013 erratque
705 2947 844 3000 manifesto
861 2947 1040 3001 Kueblstaedt.
1059 2947 1092 2998 de
1109 2947 1170 2999 dini
1186 2952 1253 3011 bag.
1273 2963 1297 3012 p.

191 3041 250 3097 100.
271 3058 305 3094 ex
323 3057 356 3094 eo
373 3057 468 3108 genere
485 3059 543 3097 esse
560 3045 700 3113 perhibens
717 3048 783 3100 Oed.
802 3047 859 3101 Col.
877 3049 950 3104 924.;
973 3043 1122 3112 ἐπιστήμην
1136 3049 1217 3104 ξεῖνον
1235 3038 1297 3111 παρ’
1320 3017 1322 3021 ¹

190 3132 281 3200 ἅστοῖς
301 3135 335 3199 ὥς
353 3139 512 3192 διαιτᾶσθαι
524 3138 628 3211 κρεῦνῑ
658 3165 717 3201 nam
735 3165 819 3217 neque
845 3147 988 3201 antitheton
1009 3145 1179 3214 productioris
1198 3143 1298 3197 torturae

191 3246 353 3296 firmamento
378 3258 437 3297 esse
462 3259 497 3297 ex
524 3245 633 3300 elisione
657 3249 837 3316 pronominum
861 3238 979 3316 inprimis
999 3250 1029 3298 ol
1047 3254 1074 3300 et
1092 3237 1125 3295 td
1146 3238 1180 3295 σά
1201 3246 1298 3296 clarum

192 3349 249 3406 est,
268 3347 296 3393 et
314 3342 341 3393 in
358 3339 409 3425 lico
426 3346 555 3400 vocabalo
572 3349 716 3415 Sophocles
735 3350 824 3414 testis,
844 3351 912 3409 ξένον
928 3344 1101 3417 praeferendo
1120 3336 1189 3409 ἆπῦ
1210 3352 1299 3397 tantm

193 3440 303 3508 positum
324 3440 350 3492 in
371 3438 438 3497 thesi
462 3446 636 3501 trimetrormu
662 3449 728 3501 Oed.
751 3451 782 3501 ll.
798 3451 857 3502 817.
881 3444 996 3504 111903.
1024 3444 1196 3501 trientes.
1241 3446 1298 3496 lure

192 3541 273 3607 igitur
301 3541 416 3611 quamuis
441 3561 474 3597 ex
498 3562 550 3600 ano
571 3548 628 3600 cod.
648 3548 706 3600 Vat.
727 3551 828 3605 ξένων
849 3552 936 3602 ileum.
956 3556 982 3601 et
1003 3549 1090 3599 Elmsl.
1111 3548 1298 3615 praetulerunt.

192 3639 299 3692 Rectius
318 3640 385 3692 idem
401 3642 612 3698 Kuelrlslaedtius
631 3647 658 3698 in
675 3650 831 3702 allocutione
849 3650 1009 3718 potissimum
1027 3650 1108 3704 ξεῖνος
1124 3646 1151 3698 in
1170 3645 1300 3697 trimetros

122 3760 129 3782 ·
193 3749 325 3809 receptum
342 3758 399 3793 esse
419 3757 435 3792 a
455 3750 532 3808 poeta
548 3745 696 3800 arbitratur.
730 3749 795 3802 Nam
815 3751 854 3802 sio
870 3749 965 3816 iegitur
981 3748 1046 3799 Oed.
1060 3747 1117 3799 Col.
1129 3748 1171 3798 33.
1185 3745 1227 3799 19.
1240 3744 1299 3798 800.

193 3841 267 3895 1098.
288 3844 360 3893 1121.
379 3839 419 3890 El.
439 3842 498 3894 600.
519 3844 593 3897 1108.
638 3847 720 3900 Extra
739 3851 921 3902 allocutionem
940 3850 980 3902 bis
1001 3855 1099 3901 tanturn
1119 3846 1204 3898 estin
1223 3861 1300 3896 seua·

193 3940 255 3992 riis:
283 3933 407 3996 ὅέἱῖνθῖι
431 3930 806 4008 drnl,1qqm6002n.c01.
827 3951 901 4004 1018.
933 3952 959 3998 ir
976 3946 1062 4017 Ἀργει
1079 3950 1158 4005 ξεῖνος
1176 3945 1212 3994 air
1230 3945 1298 3994 olal-

193 4036 263 4119 ζειαι
287 4037 364 4101 Synd.
384 4036 449 4089 Vlll.
468 4041 486 4091 t
502 4044 635 4111 (1531),).
676 4049 707 4098 ln
731 4051 889 4103 allocutione
912 4058 998 4102 autem
1019 4049 1109 4100 ruelica
1125 4049 1165 4098 vel
1184 4063 1300 4114 artapae-

193 4138 258 4188 stica
278 4135 419 4187 0²¹1·C⁰¹·
440 4139 496 4190 ldl·
517 4143 575 4196 181.
592 4147 668 4211 031.;
689 4147 798 4201 sortasse
815 4151 896 4202 etinur
917 4151 981 4202 Oed.
1002 4151 1058 4200 Col.
1077 4146 1152 4210 210,
1174 4147 1218 4198 ubi
1235 4162 1300 4198 con-

195 4243 233 4288 tra
255 4237 378 4287 librorum
399 4244 513 4293 velerum
534 4245 612 4298 tidem
630 4246 782 4300 Tricliuium
801 4257 902 4303 secutus
921 4235 941 4297 oi
958 4249 1010 4305 ξένε
1032 4248 1193 4299 llorruannus
1221 4266 1300 4317 prae-

194 4337 267 4403 tulit,
287 4349 431 4404 quanquam
449 4355 569 4397 romaum
587 4347 678 4401 horum
694 4349 845 4418 scripturam
863 4349 1060 4402 incertissimam
1079 4363 1136 4399 esse
1156 4346 1212 4414 ipse
1232 4349 1300 4403 late·
