2692 4816
634 311 690 377 οο
1165 292 1230 376 42²3

112 478 235 531 flectione
252 471 309 526 ἀλλ’
326 469 343 541 ἦ
363 475 456 526 τέκνοιν
474 476 530 544 δῆτ’
551 476 613 549 ὄψις
629 473 661 546 ἦν
676 480 806 548 ἐφίμερος.
840 482 909 531 Bion
928 491 958 528 sc
975 475 1121 545 excipiunt:
1137 473 1222 548 νόμον,

113 573 151 629 ὧν
166 577 300 647 Ὄλυμπος
316 571 401 644 πατὴρ
418 575 514 643 μόνος,
551 575 615 631 οὐδέ
630 600 668 632 νιν
687 576 776 631 θνατὰ
802 572 877 647 φύσις
903 572 998 645 ἀνέρων
1022 579 1131 643 ἔτικτεν,
1163 575 1224 632 oddt

111 674 150 748 posi
178 698 243 731 ποτε
266 675 341 728 λάθα
367 678 553 745 νατανοιμιλοτι
583 683 648 735 Oed.
667 685 697 735 ll.
718 680 877 736 868-870
897 679 938 732 cit.
982 680 1007 734 ές
1032 675 1126 742 δεινόν,
1156 674 1223 731 οὐδ’

112 781 258 846 ἀκουστὸν,
290 779 352 832 orid’
378 778 509 847 έπόιμιμον
537 785 612 836 1312.
664 786 829 836 Hermannus
856 776 902 831 osis
927 774 1055 830 ἄκαυστόν
1082 781 1223 833 secundum

112 889 193 939 Laur.
211 887 237 937 b.
254 902 277 937 c.
308 884 378 936 Flor.
397 884 429 931 Γ.
450 880 479 932 Α.
509 883 573 935 nihil
600 885 696 937 monito
721 886 826 937 lectore.
880 882 938 933 Cur
958 882 1063 944 vulgata
1087 881 1225 948 scriptura,

111 987 194 1039 etiam
211 987 236 1037 in
256 987 332 1036 Lanr.
346 1000 370 1034 a.
393 990 495 1050 reperta
513 986 666 1052 expellatur,
683 1003 786 1039 causam
806 1001 857 1037 non
874 983 958 1036 video.
979 975 1110 1037 duieosoc
1127 979 1221 1030 neritus

111 1088 270 1138 inritauerat
285 1115 319 1124 -
337 1078 396 1133 οὐδὲ
418 1085 533 1134 Μουσᾶν
546 1086 626 1153 χοροί
641 1105 680 1136 νιν
697 1082 891 1150 ιλπιστέιγησαν,
925 1077 986 1131 οὐδὲ
1008 1076 1061 1148 pois
1083 1077 1224 1149 χρυσολνιος

108 1185 257 1256 Ἀρροιλέτα
275 1189 340 1239 Oed.
360 1188 417 1238 Col.
434 1188 492 1240 dul.
510 1188 561 1240 698
579 1187 619 1239 ch.
641 1186 744 1250 ’νλαον,
762 1181 826 1236 orid'
843 1179 948 1235 dolesco
963 1183 1070 1250 στέρνων
1087 1175 1221 1250 ἇραμμοιλς

113 1285 177 1340 οὐδὲ
204 1284 349 1356 repperitur
372 1280 453 1348 priore
478 1285 552 1339 1604.
575 1288 650 1342 1600.
696 1290 795 1342 Eadem
822 1287 1006 1340 nectendamm
1033 1283 1220 1336 sententiarum

110 1392 182 1445 ratio
202 1398 255 1455 cst,
280 1390 436 1454 significatio
458 1389 600 1456 particulae
619 1392 696 1456 paulo
714 1391 833 1454 diversa,
866 1405 923 1441 curn
940 1386 1012 1454 prius
1029 1377 1112 1433 οὐδέ
1126 1385 1220 1435 adrer-

111 1492 220 1556 biascit,
252 1507 329 1556 uopuo
357 1494 433 1542 etium
454 1492 495 1542 vel
512 1508 543 1542 no
559 1493 657 1558 paridem
673 1491 829 1556 significans.
859 1489 904 1538 nui
923 1482 973 1555 γὰρ
991 1481 1050 1534 olidi
1070 1479 1116 1532 τᾶν
1132 1479 1219 1549 πάρος

109 1592 207 1661 μῦθον
225 1584 454 1656 μάτηνῆιουσας,
494 1584 554 1639 odor
570 1589 698 1640 νῠνδονῶ
721 1592 816 1644 Traeh.
832 1592 891 1645 339.
910 1589 968 1643 340.
1011 1581 1075 1636 ὁδοῦ
1096 1584 1168 1640 τέλος
1189 1611 1217 1621 -

108 1693 250 1752 τοιοῦτον,
274 1687 328 1741 οἷον
348 1683 408 1737 orltl
429 1689 548 1755 pusr'poul
565 1707 615 1738 τινι
630 1689 718 1746 ἔξεσθ’
734 1664 865 1759 decipere,
878 1683 943 1738 οὐδ’
960 1685 1127 1755 ἀποστρέψαι
1142 1672 1218 1732 πάλιν

111 1795 180 1846 0ed.
201 1794 257 1845 Col.
277 1792 351 1843 llus
402 1790 485 1840 Unuru
506 1791 618 1858 denique
636 1795 781 1860 exemplum
810 1799 867 1856 est,
896 1792 964 1861 quod
993 1804 1144 1857 praegressa
1168 1800 1217 1837 nc-

110 1902 192 1962 gante
216 1894 341 1961 panicula
363 1891 401 1942 dis
424 1891 545 1958 deinceps
572 1886 657 1942 οὐδέ
680 1895 878 1948 adverbiascens
904 1901 932 1945 et
958 1910 989 1945 ne
1015 1893 1112 1960 quidem
1134 1884 1217 1953 signi-

111 1997 196 2048 ficans
214 1995 312 2047 illatum
330 1993 463 2057 ostendat,
494 2010 600 2061 quorum
617 1997 725 2046 alterum
745 1997 890 2063 praefracte
909 1994 1028 2061 negando
1046 1990 1149 2058 marius
1170 1989 1216 2039 lir-

110 2104 166 2149 mat
185 2095 348 2149 sententiam.
372 2089 446 2159 τάφῳ
463 2092 491 2141 δ’
507 2097 601 2142 ἰκτῖνον
619 2089 677 2161 οὐχὶ
695 2093 819 2162 κρύψετε,
841 2091 902 2146 οὐδ’
919 2096 941 2145 el
958 2091 1070 2143 θέλοντ’
1087 2093 1114 2140 oi
1134 2083 1217 2154 Ζηνὸς

109 2195 200 2245 alerci
218 2188 299 2259 βορὰν
318 2194 402 2260 φέρειν
427 2212 465 2241 νιν
487 2189 645 2261 ἁρπάζοντες
668 2198 692 2252 ές
710 2193 772 2254 Διὸς
794 2192 928 2264 θρόνους·
962 2191 1025 2245 οὐδ’
1053 2191 1087 2250 ric
1105 2224 1138 2233 -
1157 2184 1216 2241 esi-

112 2311 189 2345 mrrs
205 2272 319 2361 rruprioo
332 2298 415 2343 κεῖνον
440 2296 499 2348 Ant.
516 2296 707 2350 1027-1029.
754 2299 832 2350 Hunc
858 2300 942 2350 locum
968 2302 1050 2348 totum
1076 2309 1127 2346 non
1151 2290 1215 2348 salis

111 2401 233 2447 accurate
255 2395 422 2460 pertractavit
435 2396 562 2448 Frankius
579 2399 596 2447 1.
616 2413 637 2451 c.
658 2414 684 2465 p.
700 2400 740 2453 12

182 2496 207 2550 8.
243 2489 328 2544 oddr‘
354 2504 381 2548 et
409 2491 541 2546 οὔτι-
561 2493 642 2548 οὔτε
670 2499 719 2551 nisi
738 2500 764 2552 in
782 2504 918 2569 partitione
937 2498 989 2553 dici
1008 2496 1144 2551 coniuncta
1163 2498 1216 2548 n'on

111 2611 192 2665 posse
217 2595 337 2646 diximus.
384 2595 436 2646 Sed
463 2602 533 2649 recte
558 2605 616 2668 pest
632 2601 680 2654 duo
702 2596 784 2651 οὔτε
803 2619 857 2655 cuns
876 2605 1013 2671 partitione
1029 2600 1098 2653 dicta
1114 2597 1216 2652 tertium

92 2696 226 2760 ‚infertur
244 2690 341 2757 eddi,
363 2697 464 2765 quando
482 2699 609 2752 sententia
626 2717 677 2753 non
694 2702 750 2770 pari
765 2704 893 2772 prioribus
911 2704 1036 2771 dignitate
1053 2718 1137 2770 neque
1155 2716 1217 2767 par-

113 2797 209 2850 titione
237 2797 280 2847 ills
302 2798 488 2864 comprehenso
513 2809 567 2868 est,
598 2804 643 2856 sed
669 2820 727 2857 cnm
750 2808 848 2859 maiore
875 2804 900 2856 ri
919 2811 1038 2870 tanquam
1055 2801 1218 2854 additamen-

114 2907 170 2951 tum
187 2906 248 2950 ante
269 2899 343 2951 dictis
359 2899 475 2953 infertur.
512 2897 573 2950 οὔτι
596 2898 699 2971 νικήσας
717 2903 785 2973 λόγῳ
802 2903 858 2957 οὔτ’
877 2906 913 2961 sic
932 2905 1033 2969 ἔλεγχον
1050 2897 1135 2971 χειρὸς
1145 2888 1202 2951 ὀῦδ
1208 2902 1216 2922 ’

114 3001 193 3066 ἔργον
213 2993 388 3065 μολιλνΟοιΙ.
407 2999 557 3055 ΟοΙ.1209.
578 3008 683 3071 νιιιλυιυς
711 3008 772 3061 libri
793 3007 927 3062 manifesto
946 3007 1039 3059 urendo
1060 3001 1115 3054 οὔτ’
1132 3005 1215 3071 ἔργον.

114 3100 186 3152 Vera
202 3100 329 3168 scriptura
347 3100 372 3151 in
385 3100 479 3152 Aldina
495 3104 636 3171 reperitur,
657 3107 770 3176 corrupit
788 3112 871 3162 lucum
889 3105 1025 3172 Reisigius.
1056 3102 1110 3154 οὔτ’
1128 3102 1216 3170 ldpoo'

116 3196 175 3250 οὔτ’
193 3199 264 3250 εἶδον
283 3197 350 3257 ὄςτις
368 3192 398 3263 ἦν
419 3196 433 3250 ὁ
451 3200 533 3269 δρῶν,
567 3201 630 3254 orid'
647 3201 678 3255 rie
696 3205 799 3265 δικαίως
825 3209 850 3263 λς
877 3199 955 3255 κακὸν
971 3205 1080 3271 πέσοιμί
1104 3222 1131 3253 τι
1156 3207 1216 3259 nne

114 3301 176 3355 240.
211 3302 259 3353 Est
276 3301 325 3354 boc
346 3317 379 3354 ex
399 3301 527 3367 prioribus
544 3322 713 3375 consequens.
754 3310 806 3362 Sed
824 3301 907 3358 οὐδέ
921 3312 980 3374 post
996 3323 1070 3359 ouum
1089 3308 1218 3376 quoddam

116 3398 198 3451 olias
219 3405 297 3468 longe
320 3404 437 3471 plurimis
460 3404 526 3456 locis
549 3405 712 3459 librariorum
737 3415 780 3462 aut
800 3409 913 3462 incuriae
942 3417 987 3463 aut
1010 3408 1152 3478 imperitiae
1171 3408 1218 3460 tri-

115 3503 262 3568 buendum;
292 3520 341 3556 nuc
367 3504 471 3558 delendi
492 3510 591 3574 potest,
623 3507 672 3558 nisi
691 3513 718 3558 et
733 3511 848 3577 pluribus
864 3512 1023 3583 interpositis
1042 3528 1057 3563 a
1074 3518 1143 3563 rectu
1162 3527 1220 3563 ser·

116 3606 204 3659 monis
233 3606 403 3674 componendi
430 3606 530 3657 ratione
560 3608 686 3661 descitum
712 3610 797 3664 suerit.
844 3612 950 3666 Rectius
971 3631 1046 3682 quam
1062 3612 1219 3666 Bceclrhiuru

117 3711 152 3764 ad
176 3708 251 3761 Pind.
270 3706 347 3773 Pylii.
364 3707 395 3759 V.
413 3705 454 3762 48,
492 3705 660 3761 Schaelernm
680 3708 713 3762 od
731 3709 809 3765 Dion.
827 3713 860 3765 de
881 3713 911 3768 C.
929 3714 960 3766 V.
981 3733 1005 3785 p.
1024 3716 1064 3768 30.
1100 3715 1219 3765 Welcke-

55 3820 67 3837 ‘
118 3825 177 3863 rum
193 3808 225 3859 ad
244 3807 363 3871 Theogn.
386 3825 411 3873 p.
426 3809 467 3860 93.
486 3824 582 3877 sosque
600 3810 737 3877 plurimos,
758 3797 825 3882 quos
839 3813 949 3865 conserui
966 3815 1037 3867 iubet
1055 3815 1085 3866 C.
1102 3815 1133 3868 F.
1151 3814 1220 3865 Her-

118 3925 230 3962 mannus
251 3909 283 3958 ad
305 3909 369 3961 Luc.
396 3908 428 3957 de
449 3908 515 3960 Hist.
537 3910 642 3962 Conscr.
666 3928 690 3978 p.
711 3912 768 3965 230.
793 3916 911 3967 consules
928 3916 1080 3971 Stallbaum.
1103 3915 1136 3965 ad
1154 3916 1221 3967 Plat.

118 4011 223 4065 Phileb.
241 4028 266 4078 p.
283 4011 325 4064 56.
358 4008 466 4073 Eugellr.
494 4010 525 4060 ad
553 4009 659 4065 Laclret.
680 4029 705 4078 p.
723 4013 764 4067 18.
812 4014 936 4067 vitiosam
963 4017 1121 4083 quorundam
1145 4016 1221 4067 codd.

119 4110 276 4179 scripturam
295 4115 355 4163 Ant.
373 4111 430 4163 602.
449 4109 498 4162 inc.
517 4111 547 4162 L.
564 4111 589 4161 7.
615 4110 636 4161 si
660 4128 710 4163 non
739 4115 899 4181 respexeris,
928 4133 1003 4168 unum
1026 4123 1065 4170 est
1088 4116 1143 4170 eius
1169 4115 1222 4170 lor-

119 4212 207 4264 mulae
231 4213 393 4278 exemplum:
426 4206 482 4260 οὔτ’
499 4210 523 4258 οἳ
540 4226 566 4257 τι
582 4209 663 4273 μῆκος
678 4207 730 4260 τοῖν
746 4207 828 4276 λόγων
848 4213 915 4263 ἔθου
935 4214 1010 4264 πλέον
1026 4247 1061 4260 -
1077 4214 1223 4288 θαυμάσας

119 4314 188 4376 llos,
211 4304 272 4360 οὔδ’
287 4312 309 4359 si
330 4306 380 4378 πρὸ
395 4306 496 4379 τούμοῦ
512 4307 656 4378 προῦλαβσς
673 4307 706 4361 sd
721 4311 804 4362 τοῖνδ’
822 4316 867 4379 ἴση
883 4317 949 4369 Oed.
966 4318 1023 4372 Col·
1041 4318 1132 4384 1143„
1152 4317 1222 4387 quod

118 4431 181 4469 cnm
201 4413 290 4470 inritis
306 4413 380 4468 libris
396 4413 535 4470 Elmsleius
554 4409 611 4465 οὔτ’
626 4413 649 4464 d
667 4415 825 4489 scripsisset,
854 4418 979 4478 refutatur
1002 4420 1035 4503 ab
1052 4420 1216 4475 Hermanno:
