2692 4816
160 295 224 361 290
259 337 267 359 .
694 288 740 355 Οι

163 459 259 516 οκουο’
278 465 319 522 οἰς
332 458 443 530 μάλισθ’
464 457 533 513 ἁδεῖν
549 476 584 529 με
600 454 652 526 χρή
680 457 740 512 Ant.
757 457 801 512 89.
837 453 918 505 τοῦτο
937 451 964 504 δ’
983 451 1040 507 ico?
1058 450 1100 505 ὅτε
1119 448 1200 511 ἄνους
1225 455 1275 521 pir

165 567 250 631 ἰρχη,
269 573 328 624 τοῖς
343 566 428 633 φίλοις
445 559 472 613 δ’
489 558 579 630 δρδῶς
599 561 660 628 φίλη
676 562 718 616 98.
750 557 859 626 πάρειμι
876 552 905 605 δ’
925 556 996 607 οἰκον
1012 551 1061 620 ου”χ
1080 555 1195 618 ἰκοδοου,
1215 547 1273 605 οἶδ’

164 662 207 717 ὅτι
226 671 284 722 Ant.
304 668 363 721 270.
393 662 446 714 οἷδ’
468 662 510 715 ἔτι
525 656 607 716 occire
622 662 733 729 μιαίνειν
749 656 818 714 uhic
835 652 984 724 ἀνθρώπων
1001 660 1089 709 σθένοι
1106 658 1181 711 low.

237 768 361 823 Οἰδίπους
380 783 405 816 n.
423 782 461 832 pr.
477 765 553 817 Nom.
572 756 669 817 κλειυδς
687 759 812 815 Οἰδίπους
831 759 897 811 ded.
910 760 940 811 11.
951 760 976 812 8.
998 754 1013 809 δ
1031 756 1112 825 μηδίυ
1130 749 1206 814 εἰδδς
1224 755 1276 809 Οἰ-

165 865 259 924 δίπους
275 868 335 922 307.
360 864 486 920 Οἰδίπους
505 859 521 914 ὅ
541 859 586 919 odo
604 858 681 918 πόσις
694 864 755 917 030.
782 855 856 928 ὑψοῦ
874 855 924 927 γὰρ
944 859 1014 927 cloec
1032 855 1124 927 θυμὸν
1144 857 1278 919 Οἰδίπους

103 1000 107 1011 .
164 968 225 1022 014.
256 966 351 1015 τοῦτον
372 963 498 1022 Οἰδίπους
513 961 596 1014 ordi-iu
612 963 713 1029 τρίμυυ
730 962 789 1016 947.
826 961 897 1026 βοοῖν
913 956 964 1026 γὰρ
984 961 1124 1017 εἰςίπουοευ
1145 958 1278 1018 Οἰδίπους

167 1067 242 1120 1252.
259 1061 328 1114 τοῦτ’
339 1061 406 1128 ἰίπχ’
420 1063 547 1121 Οἰδίπους
559 1066 632 1121 1360.
653 1063 781 1119 Οἰδίπους
794 1057 840 1113 ὅδε
853 1062 926 1117 1524.
946 1061 1072 1118 Οἰδίπους
1083 1056 1181 1112 τοιοῦτ’
1195 1062 1277 1127 ἔπειμι

166 1192 202 1205 -—
216 1168 279 1233 ς’ίρυ
301 1168 366 1218 (led.
388 1167 444 1220 Col.
461 1168 537 1223 1397.
569 1166 746 1223 Οἰδίπους-
763 1164 921 1231 10111034.
953 1159 1014 1231 ἡνίκ’
1035 1160 1162 1216 Οἰδίπους
1179 1156 1277 1228 ὧρδου

168 1261 244 1318 πόλιν
260 1271 320 1320 Ant.
331 1268 386 1321 107.
405 1297 440 1307 -
478 1272 536 1322 Voc.
553 1269 632 1322 Hunc
644 1268 775 1334 Reiaigioa
788 1266 820 1318 C.
836 1267 881 1319 Cr.
897 1267 924 1319 in
938 1265 1005 1319 Oed.
1015 1264 1073 1316 eoi.
1083 1264 1143 1317 550.
1161 1279 1277 1330 eumque

171 1376 275 1421 aecotoa
287 1362 425 1420 lllmoleioe
440 1371 523 1421 oolam
544 1368 678 1436 probatio
696 1357 744 1425 old
758 1374 914 1432 exeuntem,
935 1366 1005 1435 quod
1024 1365 1088 1418 liaeo
1107 1365 1192 1417 forma
1210 1364 1277 1415 doo-

170 1471 270 1535 deciea,
291 1471 373 1522 altera
394 1468 439 1519 illa
460 1476 500 1521 ter
518 1470 601 1521 colom
616 1470 684 1538 apud
702 1467 859 1536 Sophoclem
875 1474 967 1520 exstet
1010 1465 1186 1522 Οἰδίπους
1207 1467 1276 1520 enim

169 1570 265 1636 legitor
291 1574 357 1622 Oed.
375 1571 407 1622 R.
427 1571 461 1621 14
481 1560 514 1634 (oi
536 1561 667 1637 κρατύνων
691 1565 815 1623 Οἰδίπους
832 1562 922 1633 χώρας
944 1566 1027 1634 iperio).
1043 1570 1102 1622 646.
1121 1567 1179 1620 739.
1202 1569 1276 1622 1073

169 1671 246 1723 1422.
279 1671 345 1722 Oed.
365 1670 473 1723 (10114
496 1667 588 1738 (πάτερ
614 1663 757 1735 ταλαίπωρ’
784 1667 933 1737 Οἰδίπους).
955 1670 1006 1724 402
1031 1669 1112 1738 (quod
1128 1670 1275 1737 exemplam

171 1771 301 1838 lleiaigim
324 1771 417 1823 allerre
443 1771 539 1824 olditoa
567 1770 627 1835 est).
648 1754 708 1825 046.
726 1769 785 1825 744.
809 1770 855 1824 ubi
879 1777 965 1824 manea
992 1770 1064 1823 Suid.
1083 1788 1107 1823 v.
1128 1767 1188 1820 ἰκου
1211 1769 1272 1837 legit

174 1869 297 1932 Οἰδίπου,
315 1864 417 1936 76001
432 1867 577 1940 ταλαίπωρ’
600 1869 745 1942 Οἰδίπους).
765 1874 839 1927 1042.
857 1874 944 1941 1623.;
962 1891 1022 1925 nam
1042 1872 1108 1927 0ed.
1125 1872 1184 1926 Col.
1200 1870 1270 1925 1151.

170 1986 189 2024 a
205 1972 319 2038 lleiaigio
336 1981 504 2024 memoratum
522 1973 653 2026 scribendi
670 1976 780 2027 delictor
797 1976 907 2029 mendo:
930 1974 1088 2026 Οἰδίπου
1106 1980 1193 2026 autem
1211 1972 1274 2026 Oed.

172 2073 205 2125 11.
222 2073 282 2126 405.
309 2072 375 2124 Ocd.
394 2072 524 2127 Colono.
542 2076 618 2129 1348.
661 2075 806 2144 Utrumque
828 2083 914 2128 autem
933 2077 992 2128 libri
1011 2092 1068 2128 cam
1088 2089 1192 2125 οιυιυοο
1219 2080 1275 2126 tue·

172 2182 251 2228 antor
266 2190 407 2234 consensu,
440 2174 490 2228 alai
508 2177 579 2245 qood
599 2178 715 2230 0cd.ll.
734 2177 774 2230 14.
794 2176 877 2229 Laod.
898 2177 971 2230 Bodl.
989 2193 1005 2229 a
1025 2176 1109 2245 prima
1131 2192 1210 2228 mano
1229 2175 1278 2227 lm-

174 2275 237 2328 beot
253 2273 376 2334 Οἰδίπου,
396 2274 605 2344 circumapecliuo
622 2276 724 2330 videtur
740 2277 883 2336 Hetmooni
899 2278 1022 2331 iudicium
1042 2278 1074 2330 ad
1092 2279 1159 2330 Oed.
1171 2278 1204 2330 11.
1218 2279 1278 2332 405

172 2378 255 2432 libros
273 2376 384 2445 scriptos
401 2377 549 2446 sequendos
568 2377 766 2446 pronuntiantia.
812 2376 881 2428 Nam
901 2376 970 2444 quod
989 2377 1017 2429 in
1038 2380 1104 2431 Oed.
1122 2380 1180 2431 Col.
1201 2380 1277 2432 1343

176 2477 302 2532 Οἰδίπους
323 2478 488 2529 scribendum
512 2489 618 2546 propter
643 2495 744 2532 venum
768 2484 919 2546 acquenlem
935 2476 1000 2529 alias
1016 2483 1048 2530 ab
1068 2478 1139 2530 liiato
1158 2478 1277 2531 vitiosam

174 2583 313 2635 sectandam
327 2577 418 2629 Valck.
436 2577 468 2629 ad
481 2577 578 2632 Phoco.
589 2578 663 2631 1434.
683 2578 815 2645 Reisigioo
828 2582 938 2632 allirmat
956 2582 972 2631 l.
987 2596 1019 2644 c,
1036 2580 1064 2631 id
1082 2596 1144 2631 vero
1163 2580 1189 2630 in
1208 2590 1279 2632 lania

175 2679 268 2732 lolium
285 2693 405 2736 versuum
424 2659 588 2732 miltitudlne
605 2679 678 2733 nioiii
699 2681 871 2748 pendendam.
914 2681 1006 2734 Tertia
1025 2682 1106 2734 forma
1124 2691 1163 2734 est
1183 2680 1247 2732 Old
1254 2700 1279 2729 ι-

176 2776 273 2829 πόδα
292 2778 335 2844 (ᾱ)
354 2780 521 2844 medicorum,
540 2781 607 2855 ⁰⁰³:
626 2780 658 2833 R.
675 2782 742 2836 1105
759 2779 799 2832 cli.
819 2808 854 2820 —
887 2785 1016 2834 (ιύπίἰίυυο
1033 2784 1128 2850 triplex
1145 2792 1193 2836 est.
1225 2782 1280 2835 Οἰ-

178 2878 329 2934 δίποδος
347 2887 433 2933 lamea
451 2881 519 2948 apud
538 2880 692 2949 Sophoclem
713 2900 764 2935 non
783 2884 885 2950 legitur.
927 2882 1083 2934 Οἰδίπου
1102 2884 1168 2935 0ed.
1187 2885 1219 2936 11.
1237 2886 1278 2938 40.

176 2978 236 3037 mo.
255 2981 320 3036 1001
340 2982 380 3035 cli.
404 2980 472 3034 1207
489 2980 529 3034 cli.
549 2983 616 3034 Oed.
632 2984 690 3037 Col.
708 2986 766 3039 100.
781 2985 840 3039 255.
867 2983 925 3035 Ant.
942 2988 966 3035 2.
987 2987 1043 3038 103.
1061 2987 1111 3037 odi
1130 2984 1171 3036 cli.
1196 2986 1279 3050 1005,

177 3101 244 3155 quae
261 3092 289 3135 et
305 3098 322 3134 a
341 3081 413 3135 libris
431 3090 457 3136 et
472 3100 593 3136 versuum
613 3084 714 3152 legibus
732 3095 803 3138 ccam
818 3092 886 3138 ουοί.
927 3086 1002 3137 Hanc
1020 3087 1129 3138 l'oimam
1149 3088 1182 3137 ab
1203 3083 1281 3136 Οἰδί-

177 3202 226 3241 noc
250 3183 321 3237 ducit
348 3184 447 3236 lacoba.
475 3184 508 3237 ad
535 3184 733 3254 Epignomo.
752 3202 777 3253 ρ.
795 3186 868 3250 323,
898 3185 1051 3237 adversante
1069 3186 1173 3254 quidem
1194 3187 1280 3253 lliyim

178 3285 216 3338 11.
235 3284 379 3353 ρ.20,10.
405 3299 454 3336 neo
475 3285 557 3353 magio
574 3288 600 3338 id
621 3286 794 3338 neceesarium
814 3300 890 3354 quam
909 3282 960 3348 βοῡ
980 3284 1123 3350 genitiium
1141 3307 1156 3338 a
1171 3284 1218 3350 ,ἰός
1236 3305 1281 3340 or-

178 3395 232 3440 tum
250 3386 355 3449 dicere,
370 3384 418 3437 eoi
436 3386 594 3454 aliquantum
613 3388 714 3440 diversa
733 3391 773 3437 eat
788 3402 911 3453 purorum
930 3387 1114 3439 llecleodorum
1131 3390 1208 3440 ratio.
1231 3381 1281 3456 ἆρ-

177 3486 272 3546 τίπος,
289 3481 417 3542 δείἰδπος
431 3484 544 3545 Οἰδίπος
560 3495 694 3556 poetarum
711 3487 816 3540 inventa
833 3493 892 3538 aunt
908 3486 1023 3538 vemihua
1038 3489 1200 3541 commodius
1218 3508 1284 3558 pan·

180 3589 288 3655 fiendis,
321 3588 367 3639 κδ
395 3605 447 3640 που
468 3588 571 3640 diversa
597 3587 747 3658 antiquitus.
791 3586 847 3638 Nec
868 3585 1065 3639 Clioemboscos
1085 3589 1229 3641 audiendos
1250 3591 1282 3641 ad

179 3689 313 3744 Theodoo.
334 3689 378 3742 sol.
400 3690 457 3741 117.
479 3706 504 3756 ρ.
523 3687 598 3742 1404.
615 3689 712 3754 Bella,
743 3703 801 3739 com
826 3683 953 3743 Οἰδίπους
975 3685 1116 3743 Οἰδίποδος
1136 3690 1284 3742 vocativum

179 3792 337 3844 nominativo
356 3806 462 3859 parem,
494 3784 619 3843 Οἰδίπους
637 3786 748 3838 Οἰδίπου
769 3788 884 3854 genitivo
905 3787 1073 3838 assimilatum
1093 3785 1188 3838 habere
1209 3787 1285 3854 dicit,

179 3908 245 3961 quae
264 3908 314 3943 noo
334 3900 373 3943 est
389 3891 438 3944 nisi
459 3889 567 3957 disparia
584 3890 703 3942 flexionis
722 3894 827 3956 regulae
846 3887 923 3941 alicui
947 3887 1181 3939 accommodandae
1204 3888 1285 3942 ralio.

178 3992 272 4045 Teitia
292 3991 373 4042 forma
392 3983 611 4050 Οἰδιπόδαο,
632 3992 738 4045 Aeolica
755 3993 800 4044 illa
817 3988 959 4043 secondum
981 3988 1064 4052 lilim
1082 3986 1117 4038 M.
1136 4003 1161 4054 p.
1181 3990 1224 4052 ll,
1241 3993 1285 4043 ll.

178 4094 219 4157 35,
240 4093 281 4144 37.
301 4092 360 4154 154,
380 4092 421 4158 5.,
441 4092 468 4143 in
487 4090 586 4143 melicis
601 4092 717 4159 partibus
734 4090 830 4157 legitor
848 4099 979 4144 contracta
998 4084 1195 4148 Οἰδιπόδα,
1216 4092 1286 4158 Oed,

178 4193 210 4245 ll.
226 4193 277 4246 405
294 4190 333 4244 οἰι.
350 4196 409 4246 Αυί.
428 4194 478 4245 376
494 4209 534 4244 ao.
569 4192 763 4244 Nominativum
784 4200 870 4244 aldem
892 4186 1034 4256 Οἰδιπόδης
1054 4192 1182 4242 veteribus
1201 4192 1287 4258 epicis

177 4293 316 4359 tragiciavo
332 4294 427 4345 dictum
449 4311 533 4362 neque
551 4293 614 4345 illud
632 4293 740 4358 evincit,
771 4294 838 4361 qood
858 4288 983 4342 Οἰδιπόδα
1002 4291 1138 4359 aliquoties
1157 4298 1184 4342 et
1207 4289 1286 4340 Οἰδι-

175 4391 260 4445 addar
275 4395 388 4463 legitor,
409 4411 494 4466 nequo
511 4397 580 4465 qood
599 4392 748 4446 Euolatliioa
769 4394 946 4461 ρ.1445,40.
978 4386 993 4442 ὁ
1016 4390 1157 4452 Οἰδίπους,
1186 4391 1284 4459 inquit,
