2632 4814
362 1089 891 1186 PRAEFATIO.

533 1331 721 1342 0-

59 1488 258 1588 Pollicitus
282 1535 354 1578 sum
377 1512 503 1601 aliquot
524 1512 625 1577 lexici
646 1508 729 1575 locis
751 1515 854 1578 mede
870 1510 969 1578 rebus
987 1511 1177 1600 quibusdam

58 1637 98 1699 ad
122 1630 305 1694 dialectum
324 1633 520 1714 tragicorum
541 1631 794 1712 pernoscendam
815 1631 1019 1715 gravissimis
1036 1633 1068 1694 in
1085 1656 1177 1718 prae.

59 1750 189 1813 latione
208 1746 387 1810 voluminis
410 1747 545 1811 secundi
566 1759 729 1820 acturum3
751 1760 827 1810 sunt
849 1748 953 1822 enirn,
977 1770 1058 1830 quae
1079 1749 1177 1821 latius

59 1880 195 1951 pateant
223 1879 259 1926 et
285 1866 504 1949 copiosiorem
532 1875 721 1946 opiparatum
751 1863 937 1948 postulent,
970 1885 1064 1948 quam
1095 1890 1177 1952 quae

62 1986 93 2045 in
115 1982 264 2066 singulis
286 1980 455 2045 vocabulis
486 1978 689 2042 illustrandis
718 1993 775 2042 arat
800 1981 929 2064 possint
956 1994 1012 2041 am
1039 1981 1179 2049 debeant

63 2100 267 2183 pertractari.
311 2095 365 2161 Eo
390 2098 523 2180 negotio
545 2098 609 2158 iam
632 2095 792 2180 defungor
813 2098 877 2170 ita,
907 2109 943 2158 ut
963 2096 1001 2159 de
1024 2102 1178 2167 secundis

10 2158 20 2217 l
66 2218 215 2301 personis
237 2216 362 2299 passivi
383 2228 418 2277 et
438 2214 535 2276 medii
557 2235 615 2297 per
631 2202 668 2276 ἶὶ
684 2225 739 2274 arat
755 2206 787 2304 ᾖ
798 2211 990 2292 scribendis,
1010 2208 1178 2309 dendatiro

68 2334 186 2413 primae
207 2328 443 2393 declinationis
467 2326 586 2413 plurali
617 2332 650 2392 in
676 2315 751 2394 ἆῖἁῖ
766 2327 817 2391 vel
840 2316 1105 2422 fftcrminato,
1137 2334 1177 2398 de

75 2446 211 2510 ionisnris
233 2443 450 2530 quibusdam,
482 2445 630 2530 inprimis
649 2443 975 2527 inchoamentorum,
1005 2461 1038 2511 et
1059 2448 1099 2512 de
1120 2450 1178 2517 do·

68 2564 162 2626 rismo
188 2564 390 2646 tragicorum
411 2561 563 2626 scribam.

133 2682 153 2733 Ι.
180 2685 218 2734 De
237 2682 330 2746 formis
343 2680 468 2733 ucusrdue
485 2694 610 2748 personne
625 2694 696 2746 poso.
713 2686 737 2731 ct
754 2681 818 2733 med.
836 2682 862 2733 ia
878 2678 909 2729 ii
927 2682 1000 2752 oripi
1021 2684 1176 2739 exercutidus.

112 2780 285 2848 Disputarunt
309 2781 344 2833 de
366 2780 415 2832 lrac
440 2797 469 2832 re
489 2779 664 2832 Sclrneiderus
684 2778 852 2832 Viruariensis
875 2778 902 2830 in
922 2782 1030 2835 Quaert.
1049 2785 1125 2840 Critt.
1143 2787 1177 2839 de

67 2883 127 2934 dist
145 2892 212 2947 trag.
231 2899 257 2949 p.
275 2882 301 2931 2.
319 2886 346 2932 et
365 2878 579 2931 Kuelristuedtius
598 2880 630 2930 de
649 2880 710 2956 dial.
729 2886 760 2932 tr.
779 2896 804 2946 p.
823 2880 880 2943 925
910 2881 955 2934 ille
979 2891 1006 2935 ut
1021 2885 1175 2937 sententium

68 2994 123 3051 post
140 2986 234 3034 Valet.
254 2983 287 3034 ad
310 2980 483 3033 eliseaeus.
503 2978 548 3043 (cl.
568 2976 715 3040 llerrrsterir.
733 2981 766 3030 sd
784 2968 848 3032 Luc.
869 2988 887 3033 t.
905 2983 924 3033 l.
946 3001 971 3050 p.
987 2986 1047 3039 tas.
1070 2987 1176 3042 IJawes.

67 3085 102 3135 st.
119 3085 163 3136 Cr.
184 3101 210 3150 p.
227 3083 287 3134 290.
315 3080 400 3147 intpp.
416 3080 497 3144 Grcg.
515 3081 576 3132 Cor.
594 3097 620 3150 p.
637 3066 711 3156 llil.)
730 3080 862 3148 plerisque
879 3084 1027 3149 probatam,
1055 3088 1084 3135 ῖῖ
1102 3093 1178 3141 reto-

66 3184 100 3235 ris
118 3194 144 3235 et
165 3182 321 3248 tragicorum
342 3178 462 3230 atticisnsi
487 3194 545 3232 esse
571 3180 758 3238 recentioribus
784 3198 838 3234 nou
865 3184 1055 3237 obtrudendum
1080 3189 1176 3243 acriter

67 3284 246 3350 impugnaret,
279 3282 322 3334 lric
347 3287 377 3332 ut
397 3280 547 3334 dubitanter
570 3271 732 3361 delendetet,
737 3283 921 3347 2'1’robarunt
939 3286 969 3333 ῖῖ
989 3284 1067 3337 etiam
1089 3288 1176 3342 Brun.

66 3384 152 3447 tlius,
174 3384 322 3448 l'orsonus,
341 3380 495 3446 Elmsleius,
517 3370 696 3459 Hermolaum,
720 3381 766 3435 iric
787 3385 890 3451 quidem
910 3385 988 3438 tacite
1005 3394 1102 3440 mutata
1120 3392 1176 3458 pri-

10 3482 12 3497 *
65 3485 131 3536 atina
150 3481 294 3541 sententia,
313 3497 373 3533 curn
394 3480 421 3531 in
437 3480 586 3533 Trachiniis
602 3471 698 3546 ubique
716 3482 735 3547 ,ἢ
751 3476 919 3548 restituisset,
939 3484 1018 3551 item,
1036 3488 1080 3554 qui
1098 3498 1174 3545 acrrte

65 3601 96 3635 es
112 3585 145 3635 de
163 3600 193 3634 re
211 3581 351 3645 disseruit,
380 3579 511 3647 Reisigius
528 3578 609 3646 prael.
628 3579 718 3632 linars.
736 3583 803 3634 Oed.
820 3582 878 3634 Col.
895 3599 921 3650 p.
940 3585 1022 3640 xxii.
1063 3588 1088 3640 ls
1109 3591 1173 3643 satis

65 3684 249 3738 demonstravit
273 3678 451 3734 Ciroerobosci
478 3681 558 3732 rerba
583 3679 651 3745 apud
676 3680 759 3734 notk.
784 3680 880 3733 Anecd.
905 3700 929 3749 p.
948 3688 1023 3741 1290,
1050 3693 1173 3743 merulo„

10 3814 12 3861 3
64 3785 159 3852 scripta
180 3783 286 3836 minime
302 3781 425 3835 advocari
443 3797 520 3849 posse
545 3784 563 3850 ᾖ
587 3779 731 3848 scripturae
756 3781 826 3848 eprud
848 3782 961 3848 tragicos
985 3786 1172 3856 defendendae,

64 3901 210 3953 quanquam
236 3882 270 3936 de
292 3885 387 3935 lacuna
410 3887 439 3934 ct
461 3881 620 3934 correctione
637 3879 696 3933 lmic
714 3898 766 3933 non
785 3884 866 3948 magis
883 3902 959 3951 quam
976 3866 1173 3942 liuelrtsroedtio

65 3987 120 4053 quis
144 3984 315 4048 assentiatur,
345 3982 390 4050 qui
416 3981 599 4034 emendaturus
629 3978 842 4033 Choeroboscum
867 3983 945 4036 etiam
973 3984 1087 4049 ineptius
1110 3986 1174 4043 lucit

64 4085 261 4137 balbutientem.
303 4081 410 4135 Certum
429 4079 737 4146 necromanticae.
756 4080 910 4136 scholiastae
930 4086 975 4136 Ar.
991 4085 1058 4138 Plut.
1077 4088 1120 4142 40.
1145 4100 1173 4146 er

65 4187 161 4239 Suidse
182 4202 206 4238 r.
223 4179 358 4233 assises·
375 4181 495 4235 universe
512 4180 564 4233 dici
579 4180 703 4248 atticomr
728 4182 746 4252 pi
766 4183 920 4235 recentioris
936 4182 1058 4238 atticisuri
1076 4204 1172 4244 vocans

65 4287 166 4340 secedit
184 4282 339 4337 Eustatlrius
356 4301 382 4351 p.
400 4284 477 4347 1723,
492 4283 549 4346 20.;
579 4297 629 4333 nec
648 4283 714 4336 ratio
733 4297 773 4336 err
792 4278 853 4347 ipa
871 4277 964 4343 βούλει
980 4285 1028 4335 oia
1045 4291 1172 4359 exemplis

66 4388 191 4456 ponendis
208 4386 311 4438 delecta
326 4386 384 4438 sols
400 4383 526 4452 probare,
552 4381 699 4449 improbare
717 4390 804 4436 cetera
820 4381 954 4439 eiusmodi.
1005 4388 1086 4452 igitur
1110 4388 1172 4441 nrihi

914 4488 965 4536 n2
